<record><leader>00000cas a2200000 a 4500</leader><controlfield tag="001">17377149</controlfield><controlfield tag="008">880122c19689999wauwn ne      0    0eng d</controlfield><datafield ind1=" " ind2=" " tag="010"><subfield code="a">sn 88085382 </subfield></datafield><datafield ind1=" " ind2=" " tag="040"><subfield code="a">SLZ</subfield><subfield code="b">eng</subfield><subfield code="c">SLZ</subfield><subfield code="d">OCL</subfield><subfield code="d">OCLCQ</subfield><subfield code="d">OCLCF</subfield><subfield code="d">OCLCO</subfield></datafield><datafield ind1="1" ind2=" " tag="029"><subfield code="a">AU@</subfield><subfield code="b">000025815817</subfield></datafield><datafield ind1=" " ind2=" " tag="042"><subfield code="a">msc</subfield></datafield><datafield ind1=" " ind2=" " tag="043"><subfield code="a">n-us-wa</subfield></datafield><datafield ind1="0" ind2=" " tag="130"><subfield code="a">Tenino independent (Tenino, Wash. : 1968)</subfield></datafield><datafield ind1="1" ind2="4" tag="245"><subfield code="a">The Tenino independent.</subfield></datafield><datafield ind1=" " ind2=" " tag="260"><subfield code="a">Tenino, Wash. :</subfield><subfield code="b">Tenino Independent</subfield></datafield><datafield ind1=" " ind2=" " tag="300"><subfield code="a">v.</subfield></datafield><datafield ind1=" " ind2=" " tag="310"><subfield code="a">Weekly (except the last week in Dec.)</subfield></datafield><datafield ind1="0" ind2=" " tag="362"><subfield code="a">Vol. 44, no. 5 (June 5, 1968)-</subfield></datafield><datafield ind1=" " ind2="0" tag="651"><subfield code="a">Tenino (Wash.)</subfield><subfield code="v">Newspapers.</subfield></datafield><datafield ind1=" " ind2="7" tag="655"><subfield code="a">Newspapers.</subfield><subfield code="2">fast</subfield><subfield code="0">(OCoLC)fst01423814</subfield></datafield><datafield ind1=" " ind2="7" tag="651"><subfield code="a">Washington (State)</subfield><subfield code="z">Tenino.</subfield><subfield code="2">fast</subfield><subfield code="0">(OCoLC)fst01267097</subfield></datafield><datafield ind1=" " ind2=" " tag="752"><subfield code="a">United States</subfield><subfield code="b">Washington</subfield><subfield code="c">Thurston</subfield><subfield code="d">Tenino.</subfield></datafield><datafield ind1="0" ind2="0" tag="780"><subfield code="t">Thurston County independent</subfield><subfield code="w">(DLC)sn 88085381</subfield></datafield><datafield ind1="0" ind2="5" tag="780"><subfield code="t">South County sun</subfield></datafield></record>